<?xml version="1.0" encoding="utf-8"?>
<record xmlns="http://www.loc.gov/MARC21/slim" xmlns:xsi="http://www.w3.org/2001/XMLSchema-instance" xsi:schemaLocation="http://www.loc.gov/MARC21/slim http://www.loc.gov/standards/marcxml/schema/MARC21slim.xsd">
	<leader>     nam a22        4500</leader>
	<controlfield tag="001">b1233246x</controlfield>
	<controlfield tag="003">LeBAU</controlfield>
	<controlfield tag="006">m        d        </controlfield>
	<controlfield tag="007">cr cn |||m|||a</controlfield>
	<controlfield tag="008">170718s1904    ua      o     ||0 0 ara d</controlfield>
	<datafield ind1=" " ind2=" " tag="040">
		<subfield code="a">NNU</subfield>
		<subfield code="b">ara</subfield>
		<subfield code="e">rda</subfield>
		<subfield code="c">NNU</subfield>
	</datafield>
	<datafield ind1="0" ind2="4" tag="082">
		<subfield code="a">297</subfield>
		<subfield code="2">22</subfield>
	</datafield>
	<datafield ind1="1" ind2=" " tag="100">
		<subfield code="6">880-01</subfield>
		<subfield code="a">Ibn Taymīyah, Aḥmad ibn ʻAbd al-Ḥalīm,</subfield>
		<subfield code="d">1263-1328,</subfield>
		<subfield code="e">author.</subfield>
	</datafield>
	<datafield ind1="1" ind2="0" tag="245">
		<subfield code="6">880-02</subfield>
		<subfield code="a">Majmū‘at al-rasā’il al-kubrá /</subfield>
		<subfield code="c">ta’līf shaykh al-Islām Taqī al-Dīn Abī al-‘Abbās Aḥmad ibn ‘Abd al-Ḥalīm ibn ‘Abd al-Salām ibn Taymīyah al-Ḥarrānī al-Dimashqī al-mutawaffá sanat 728.</subfield>
	</datafield>
	<datafield ind1=" " ind2=" " tag="250">
		<subfield code="6">880-03</subfield>
		<subfield code="a">al-Ṭab‘ah al-ūlá.</subfield>
	</datafield>
	<datafield ind1=" " ind2="1" tag="264">
		<subfield code="6">880-04</subfield>
		<subfield code="a">Miṣr :</subfield>
		<subfield code="b">al-Maṭba‘ah al-‘Āmirah al-Sharafīyah,</subfield>
		<subfield code="c">1322 [H.], [1904? M.]</subfield>
	</datafield>
	<datafield ind1=" " ind2=" " tag="300">
		<subfield code="6">880-05</subfield>
		<subfield code="a">online resource (2 volumes)</subfield>
	</datafield>
	<datafield ind1=" " ind2=" " tag="336">
		<subfield code="a">text</subfield>
		<subfield code="2">rdacontent</subfield>
	</datafield>
	<datafield ind1=" " ind2=" " tag="337">
		<subfield code="a">computer</subfield>
		<subfield code="2">rdamedia</subfield>
	</datafield>
	<datafield ind1=" " ind2=" " tag="338">
		<subfield code="a">online resource</subfield>
		<subfield code="2">rdacarrier</subfield>
	</datafield>
	<datafield ind1=" " ind2=" " tag="500">
		<subfield code="a"> &quot;الأولى رسالة الفرقان بين الحق والباطل، وهو مما صنفه أخيراً بقلعة دمشق المحروسة&quot;--صفحة العنوان.</subfield>
	</datafield>
	<datafield ind1=" " ind2=" " tag="500">
		<subfield code="a">Part of the Arabic Collections Online (ACO) project, contributed by American University of Beirut's Jafet Memorial Library.</subfield>
	</datafield>
	<datafield ind1="0" ind2="0" tag="505">
		<subfield code="t">مجموعة الرسائل الكبرى:</subfield>
		<subfield code="g">الجزء الأول، الرسالة الأولى.</subfield>
		<subfield code="t">رسالة الفرقان بين الحق والباطل --</subfield>
		<subfield code="g">الجزء الأول، الرسالة الثانية.</subfield>
		<subfield code="t">معارج الوصول --</subfield>
		<subfield code="g">الجزء الأول، الرسالة الثالثة.</subfield>
		<subfield code="t">التبيان في نزول القرآن --</subfield>
		<subfield code="g">الجزء الأول، الرسالة الرابعة</subfield>
		<subfield code="t">الوصية الصغرى --</subfield>
		<subfield code="g">الجزء الأول، الرسالة الخامسة.</subfield>
		<subfield code="t">النية --</subfield>
		<subfield code="g">الجزء الأول، الرسالة السادسة.</subfield>
		<subfield code="t">الرسالة العرشية --</subfield>
		<subfield code="g">الجزء الأول، الرسالة السابعة.</subfield>
		<subfield code="t">الوصية الكبرى --</subfield>
		<subfield code="g">الجزء الأول، الرسالة الثامنة.</subfield>
		<subfield code="t">الإدارة والأمر --</subfield>
		<subfield code="g">الجزء الأول، الرسالة التاسعة.</subfield>
		<subfield code="t">العقيدة الواسطية --</subfield>
		<subfield code="g">الجزء الأول، الرسالة العاشرة.</subfield>
		<subfield code="t">المناظرة في العقيدة الواسطية --</subfield>
		<subfield code="g">الجزء الأول، الرسالة الحادية عسر.</subfield>
		<subfield code="t">العقيدة الحموية الكبرى --</subfield>
		<subfield code="g">الجزء الأول، الرسالة الثانية عشر.</subfield>
		<subfield code="t">الإستغاثة --</subfield>
		<subfield code="g">الجزء الثاني، الرسالة الأولى.</subfield>
		<subfield code="t">الإكليل في المتشابه والتأويل --</subfield>
		<subfield code="g">الجزء الثاني، الرسالة الثانية.</subfield>
		<subfield code="t">الحلال --</subfield>
		<subfield code="g">الجزء الثاني، الرسالة الثالثة.</subfield>
		<subfield code="t">في زيارة بيت المقدس --</subfield>
		<subfield code="g">الجزء الثاني، الرسالة الرابعة.</subfield>
		<subfield code="t">مراتب الإدارة --</subfield>
		<subfield code="g">الجزء الثاني، الرسالة الخامسة.</subfield>
		<subfield code="t">القضاء والقدر --</subfield>
		<subfield code="g">الجزء الثاني، الرسالة السادسة.</subfield>
		<subfield code="t">الإحتجاج بالقدر --</subfield>
		<subfield code="g">الجزء الثاني، الرسالة السابعة.</subfield>
		<subfield code="t">درجات اليقين --</subfield>
		<subfield code="g">الجزء الثاني، الرسالة الثامنة.</subfield>
		<subfield code="t">بيان الهدى من الضلال --</subfield>
		<subfield code="g">الجزء الثاني، الرسالة التاسعة.</subfield>
		<subfield code="t">في سنة الجمعة --</subfield>
		<subfield code="g">الجزء الثاني، الرسالة العاشرة.</subfield>
		<subfield code="t">تفسير المعوذتين --</subfield>
		<subfield code="g">الجزء الثاني، الرسالة الحادية عشر.</subfield>
		<subfield code="t">العقود المحرمة --</subfield>
		<subfield code="g">الجزء الثاني، الرسالة الثانية عشر.</subfield>
		<subfield code="t">في معنى القياس --</subfield>
		<subfield code="g">الجزء الثاني، الرسالة الثالثة عشر.</subfield>
		<subfield code="t">في السماع والرقص --</subfield>
		<subfield code="g">الجزء الثاني، الرسالة الرابعة عشر.</subfield>
		<subfield code="t">في الكلام على الفطرة --</subfield>
		<subfield code="g">الجزء الثاني، الرسالة الخامسة عشر.</subfield>
		<subfield code="t">في الكلام على القصاص --</subfield>
		<subfield code="g">الجزء الثاني، الرسالة السادسة عشر.</subfield>
		<subfield code="t">الكلام في مناسك الحج. </subfield>
	</datafield>
	<datafield ind1=" " ind2=" " tag="533">
		<subfield code="a">Electronic reproduction.</subfield>
		<subfield code="b">New York, N.Y. :</subfield>
		<subfield code="c">New York University,</subfield>
		<subfield code="d">2017.</subfield>
		<subfield code="5">NNU</subfield>
	</datafield>
	<datafield ind1=" " ind2="4" tag="650">
		<subfield code="a">الفقه الاسلامي</subfield>
		<subfield code="v">اعمال قديمة حتى 1800.</subfield>
	</datafield>
	<datafield ind1=" " ind2="4" tag="650">
		<subfield code="a">الاسلام</subfield>
		<subfield code="x">عقائد</subfield>
		<subfield code="v">اعمال قديمة حتى 1800.</subfield>
	</datafield>
	<datafield ind1=" " ind2="4" tag="650">
		<subfield code="a">الفلسفة الاسلامية</subfield>
		<subfield code="v">اعمال قديمة حتى 1800.</subfield>
	</datafield>
	<datafield ind1=" " ind2="0" tag="650">
		<subfield code="a">Islamic law</subfield>
		<subfield code="v">Early works to 1800.</subfield>
	</datafield>
	<datafield ind1=" " ind2="0" tag="650">
		<subfield code="a">Islam</subfield>
		<subfield code="x">Doctrines</subfield>
		<subfield code="v">Early works to 1800.</subfield>
	</datafield>
	<datafield ind1=" " ind2="0" tag="650">
		<subfield code="a">Islamic philosophy</subfield>
		<subfield code="v">Early works to 1800.</subfield>
	</datafield>
	<datafield ind1="2" ind2=" " tag="710">
		<subfield code="a">Jafet Memorial Library.</subfield>
	</datafield>
	<datafield ind1="0" ind2=" " tag="730">
		<subfield code="a">Arabic Collections Online.</subfield>
	</datafield>
	<datafield ind1="0" ind2="8" tag="776">
		<subfield code="i">Print version:</subfield>
		<subfield code="a">Ibn Taymīyah, Aḥmad ibn ʻAbd al-Ḥalīm, 1263-1328, author.</subfield>
		<subfield code="t">Majmū‘at al-rasā’il al-kubrá</subfield>
		<subfield code="w">(LeBAU)b1233246x</subfield>
	</datafield>
	<datafield ind1="4" ind2="0" tag="856">
		<subfield code="u">http://hdl.handle.net/2333.1/wpzgmz6f</subfield>
	</datafield>
	<datafield ind1="1" ind2=" " tag="880">
		<subfield code="6">100-01/(3/r</subfield>
		<subfield code="a">ابن تيمية، احمد بن عبد الحليم،</subfield>
		<subfield code="d">1263-1328،</subfield>
		<subfield code="e">مؤلف. </subfield>
		<subfield code="4">aut.</subfield>
	</datafield>
	<datafield ind1="1" ind2="0" tag="880">
		<subfield code="6">245-02/(3/r</subfield>
		<subfield code="a">مجموعة الرسائل الكبرى /</subfield>
		<subfield code="c">تأليف شيخ الإسلام تقي الدين أبي العباس أحمد بن عبد الحليم إبن عبد السلام بن تيمية الحراني الدمشقي المتوفى سنة 728.</subfield>
	</datafield>
	<datafield ind1=" " ind2=" " tag="880">
		<subfield code="6">250-03/(3/r</subfield>
		<subfield code="a">الطبعة الأولى.</subfield>
	</datafield>
	<datafield ind1=" " ind2="1" tag="880">
		<subfield code="6">264-04/(3/r</subfield>
		<subfield code="a">مصر :</subfield>
		<subfield code="b">المطبعة العامرة الشرفية،</subfield>
		<subfield code="c">1322 [هـ.]، [1904؟ م.]</subfield>
	</datafield>
	<datafield ind1=" " ind2=" " tag="880">
		<subfield code="6">300-05/(3/r</subfield>
		<subfield code="a">2 جزء ؛</subfield>
		<subfield code="c">24 سم</subfield>
	</datafield>
	<datafield ind1=" " ind2=" " tag="959">
		<subfield code="a">NNU</subfield>
		<subfield code="b">WEB</subfield>
		<subfield code="c">GENI</subfield>
		<subfield code="t">0</subfield>
		<subfield code="m">Electronic access</subfield>
		<subfield code="s">01</subfield>
	</datafield>
	<datafield ind1=" " ind2=" " tag="999">
		<subfield code="i">LeBAU_b1233246x</subfield>
		<subfield code="s">aub_aco001098:v.1</subfield>
		<subfield code="s">aub_aco001099:v.2</subfield>
		<subfield code="e">(ERROR-MISC)</subfield>
	</datafield>
</record>
